@article{ulke2018comparison,
	title={A comparison of time series and machine learning models for inflation forecasting: empirical evidence from the USA},
	author={{\"U}lke, Volkan and Sahin, Afsin and Subasi, Abdulhamit},
	journal={Neural Computing and Applications},
	volume={30},
	number={5},
	pages={1519--1527},
	year={2018},
	publisher={Springer}
}
@book{basuchoudhary2017machine,
	title={Machine-learning Techniques in Economics: New Tools for Predicting Economic Growth},
	author={Basuchoudhary, Atin and Bang, James T and Sen, Tinni},
	year={2017},
	publisher={Springer}
}
@techreport{buckmann2021interpretable,
	title={An interpretable machine learning workflow with an application to economic forecasting},
	author={Buckmann, Marcus and Joseph, Andreas and Robertson, Helena},
	year={2021},
	institution={mimeo}
}
@article{chuku2017intelligent,
	title={Intelligent forecasting of economic growth for African economies: Artificial neural networks versus time series and structural econometric models},
	author={Chuku, Chuku and Oduor, Jacob and Simpasa, Anthony},
	journal={Washington Research Program on Forecasting},
	volume={1},
	pages={28},
	year={2017}
}
@article{cicceri2020machine,
	title={A machine learning approach to forecast economic recessionsâ€”an italian case study},
	author={Cicceri, Giovanni and Inserra, Giuseppe and Limosani, Michele},
	journal={Mathematics},
	volume={8},
	number={2},
	pages={241},
	year={2020},
	publisher={Multidisciplinary Digital Publishing Institute}
}
@article{coulombe2021can,
	title={Can machine learning catch the Covid-19 recession?},
	author={Coulombe, Philippe Goulet and Marcellino, Massimiliano and Stevanovi{\'c}, Dalibor},
	journal={National Institute Economic Review},
	volume={256},
	pages={71--109},
	year={2021},
	publisher={Cambridge University Press}
}
@article{diebold1998past,
	title={The past, present, and future of macroeconomic forecasting},
	author={Diebold, Francis X},
	journal={Journal of Economic Perspectives},
	volume={12},
	number={2},
	pages={175--192},
	year={1998}
}
@incollection{guegan2010alternative,
	title={Alternative methods for forecasting GDP},
	author={Guegan, Dominique and Rakotomarolahy, Patrick},
	booktitle={Nonlinear Modeling of Economic and Financial Time-Series},
	year={2010},
	publisher={Emerald Group Publishing Limited}
}
@techreport{araujo2020machine,
	title={Machine learning methods for inflation forecasting in Brazil: New contenders versus classical models},
	author={Araujo, Gustavo Silva and Gaglianone, Wagner Piazza},
	year={2020},
	institution={Mimeo}
}
@techreport{tkacz1999forecasting,
	title={Forecasting GDP growth using artificial neural networks},
	author={Tkacz, Greg and Hu, Sarah},
	year={1999},
	institution={Bank of Canada}
}
@incollection{chen2019off,
	title={Off to the races: A comparison of machine learning and alternative data for predicting economic indicators},
	author={Chen, Jeffrey C and Dunn, Abe and Hood, Kyle and Driessen, Alexander and Batch, Andrea},
	booktitle={Big Data for 21st Century Economic Statistics},
	year={2019},
	publisher={University of Chicago Press}
}
@book{jung2018algorithmic,
	title={An algorithmic crystal ball: Forecasts-based on machine learning},
	author={Jung, Jin-Kyu and Patnam, Manasa and Ter-Martirosyan, Anna},
	year={2018},
	publisher={International Monetary Fund}
}
@article{kurihara2019ar,
	title={AR model or machine learning for forecasting GDP and consumer price for G7 countries},
	author={Kurihara, Yutaka and Fukushima, Akio and others},
	journal={Applied Economics and Finance},
	volume={6},
	number={3},
	pages={1},
	year={2019},
	publisher={Redfame publishing}
}
@article{syed2021macroeconomic,
	title={Macroeconomic forecasting for Pakistan in a data-rich environment},
	author={Syed, Ateeb Akhter Shah and Lee, Kevin Haeseung},
	journal={Applied Economics},
	volume={53},
	number={9},
	pages={1077--1091},
	year={2021},
	publisher={Taylor \& Francis}
}
@techreport{martin2019machine,
	title={Machine learning vs. traditional forecasting methods An application to South African GDP},
	author={Martin, Lisa-Cheree and others},
	year={2019}
}
@article{matta2021comparative,
	title={A comparative study of forecasting methods using real-life econometric series data},
	author={Matta, Cl{\'a}udia Eliane da and Bianchesi, Nat{\'a}lia Maria Puggina and Oliveira, Milena Silva de and Balestrassi, Pedro Paulo and Leal, Fabiano},
	journal={Production},
	volume={31},
	year={2021},
	publisher={SciELO Brasil}
}
@article{medeiros2021forecasting,
	title={Forecasting inflation in a data-rich environment: the benefits of machine learning methods},
	author={Medeiros, Marcelo C and Vasconcelos, Gabriel FR and Veiga, {\'A}lvaro and Zilberman, Eduardo},
	journal={Journal of Business \& Economic Statistics},
	volume={39},
	number={1},
	pages={98--119},
	year={2021},
	publisher={Taylor \& Francis}
}
@inproceedings{mulaudzi2020exploration,
	title={An exploration of machine learning models to forecast the unemployment rate of South Africa: a univariate approach},
	author={Mulaudzi, Rudzani and Ajoodha, Ritesh},
	booktitle={2020 2nd International Multidisciplinary Information Technology and Engineering Conference (IMITEC)},
	pages={1--7},
	year={2020},
	organization={IEEE}
}
@article{oyewale2019forecasting,
	title={Forecasting Inflation Rates Using Artificial Neural Networks},
	author={Oyewale, Akintunde Mutairu and Kasali, Agunloye Oluokun and Phazamile, K and Abiodun, Michael Vincent and Adeyinka, AI},
	journal={J. Comput. Math},
	volume={9},
	pages={201--207},
	year={2019}
}
@article{pescatori2011macroeconomic,
	title={Macroeconomic models, forecasting, and policymaking},
	author={Pescatori, Andrea and Zaman, Saeed},
	journal={Economic Commentary},
	number={2011-19},
	year={2011},
	publisher={Federal Reserve Bank of Cleveland}
}
@article{qian2017financial,
	title={Financial series prediction: Comparison between precision of time series models and machine learning methods},
	author={Qian, Xin-Yao and Gao, Shan},
	journal={arXiv preprint arXiv:1706.00948},
	pages={1--9},
	year={2017}
}
@article{chu2021comparing,
	title={Comparing Out-of-Sample Performance of Machine Learning Methods to Forecast US GDP Growth},
	author={Chu, Ba and Qureshi, Shafiullah},
	year={2021}
}
@techreport{qureshi2021forecasting,
	title={Forecasting Canadian GDP Growth with Machine Learning},
	author={Qureshi, Shafiullah and Chu, Ba and Demers, Fanny S and others},
	year={2021},
	institution={Carleton University, Department of Economics}
}
@inproceedings{siami2018comparison,
	title={A comparison of ARIMA and LSTM in forecasting time series},
	author={Siami-Namini, Sima and Tavakoli, Neda and Namin, Akbar Siami},
	booktitle={2018 17th IEEE international conference on machine learning and applications (ICMLA)},
	pages={1394--1401},
	year={2018},
	organization={IEEE}
}
@article{sanyal2014forecasting,
	title={Forecasting major macroeconomic variables in India: Performance comparison of linear, non-linear models and forecast combinations},
	author={Sanyal, A and Roy, I},
	journal={RBI Working Paper Series No. 11, Tech. Rep},
	year={2014}
}
@article{pratap2019macroeconomic,
	title={Macroeconomic Forecasting in India: Does Machine Learning Hold the Key to Better Forecasts?},
	author={Pratap, Bhanu and Sengupta, Shovon},
	journal={Pratap, B., \& Sengupta, S.(2019). Macroeconomic Forecasting in India: Does Machine Learning Hold the Key to Better Forecasts},
	year={2019}
}
@article{sermpinis2014inflation,
	title={Inflation and unemployment forecasting with genetic support vector regression},
	author={Sermpinis, Georgios and Stasinakis, Charalampos and Theofilatos, Konstantinos and Karathanasopoulos, Andreas},
	journal={Journal of Forecasting},
	volume={33},
	number={6},
	pages={471--487},
	year={2014},
	publisher={Wiley Online Library}
}
@article{yoon2021forecasting,
	title={Forecasting of real GDP growth using machine learning models: Gradient boosting and random forest approach},
	author={Yoon, Jaehyun},
	journal={Computational Economics},
	volume={57},
	number={1},
	pages={247--265},
	year={2021},
	publisher={Springer}
}
@article{azur2011multiple,
	title={Multiple imputation by chained equations: what is it and how does it work?},
	author={Azur, Melissa J and Stuart, Elizabeth A and Frangakis, Constantine and Leaf, Philip J},
	journal={International journal of methods in psychiatric research},
	volume={20},
	number={1},
	pages={40--49},
	year={2011},
	publisher={Wiley Online Library}
}
@article{lundberg2017unified,
	title={A unified approach to interpreting model predictions},
	author={Lundberg, Scott M and Lee, Su-In},
	journal={Advances in neural information processing systems},
	volume={30},
	year={2017}
}
@article{strumbelj2010efficient,
	title={An efficient explanation of individual classifications using game theory},
	author={Strumbelj, Erik and Kononenko, Igor},
	journal={The Journal of Machine Learning Research},
	volume={11},
	pages={1--18},
	year={2010},
	publisher={JMLR. org}
}
@inproceedings{khayati2020mind,
	title={Mind the gap: an experimental evaluation of imputation of missing values techniques in time series},
	author={Khayati, Mourad and Lerner, Alberto and Tymchenko, Zakhar and Cudre-Mauroux, Philippe},
	booktitle={Proceedings of the VLDB Endowment},
	volume={13},
	number={5},
	pages={768--782},
	year={2020}
}